@inproceedings{fgibson:Watson2007,

    author = {Watson, Paul and Jackson, Tom and Pitsilis, Georgios and Gibson, Frank and Austin, Jim and Fletcher, Martyn and Liang, Bojian and Lord, Phillip},

    booktitle = {Proceedings of the UK e-Science All hands Meeting},

    citeulike-article-id = {3136568},

    citeulike-linkout-0 = {http://www.allhands.org.uk/2007/proceedings/papers/785.pdf},

    keywords = {carmen, metadata, neuroinformatics, neuroscience},

    month = {xx},

    pages = {135--141},

    posted-at = {2008-08-19 16:02:28},

    priority = {0},

    title = {{The CARMEN Neuroscience Server}},

    url = {http://www.allhands.org.uk/2007/proceedings/papers/785.pdf},

    year = {2007}

}





@article{Sobolev:2014,

 author = {Sobolev, A. and Stoewer, A. and Leonhardt, A. P. and Rautenberg, P. L. and Kellner, C. J. and Garbers, C. and Wachtler, T.},

 title = {Integrated platform and API for electrophysiological data},

 journal = {Frontiers in Neuroinformatics},

 year = {2014},

 volume = {8},

 number = {32},

 url = {http://www.frontiersin.org/neuroinformatics/10.3389/fninf.2014.00032/abstract},

 doi = {10.3389/fninf.2014.00032}

}





@article{Garcia:2014,

 author = {Garcia, S. and Guarino, D. and Jaillet, F. and Jennings, T. R. and Pr{\"o}pper, R. and Rautenberg, P. L. and Rodgers, C. and Sobolev, A. and Wachtler, T. and Yger, P. and Davison, A. P.},

 title = {Neo: an object model for handling electrophysiology data in multiple formats},

 journal = {Frontiers in Neuroinformatics},

 year = {2014},

 volume = {8},

 number = {10},

 url = {http://www.frontiersin.org/neuroinformatics/10.3389/fninf.2014.00010/abstract},

 doi = {10.3389/fninf.2014.00010}

}





@article{Stoewer:2014,

 author = {Stoewer, A. and Kellner, C.J. and Benda, J. and Wachtler, T. and Grewe, J.},

 title = {File format and library for neuroscience data and metadata},

 journal = {Front. Neuroinform. Conference Abstract: Neuroinformatics 2014},

 year = {2014},

 url = {http://www.frontiersin.org/MyFrontiers/Events/AbstractDetails.aspx?ABS_DOI=10.3389/conf.fninf.2014.18.00027},

 doi = {10.3389/conf.fninf.2014.18.00027}

}



@online{nix,

 title={NIX -- Neuroinformatics exchange format},

 year={2014},

 author={G-Node},

 url={http://github.com/G-Node/nix}

}



@article{LeFranc:2014,

 author = {Le Franc, Y. and Gonzalez, D. and Mylyanyk, I. and Grewe, J. and Jezek, P. and Mouƒçek, R. and Wachtler, T.},

 title = {Mobile metadata: bringing Neuroinformatics tools to the bench},

 journal = {Front. Neuroinform. Conference Abstract: Neuroinformatics 2014},

 year = {2014},

 url = {http://www.frontiersin.org/MyFrontiers/Events/AbstractDetails.aspx?ABS_DOI=10.3389/conf.fninf.2014.18.00053},

 doi = {10.3389/conf.fninf.2014.18.00053}

}



@inproceedings{Zeng:2005:BCS:1065385.1065522,

 author = {Zeng, Daniel and Chen, Hsinchun and Tseng, Chunju and Chang, Wei and Eidson, Millicent and Gotham, Ivan and Lynch, Cecil},

 title = {BioPortal: a case study in infectious disease informatics},

 booktitle = {Proceedings of the 5th ACM/IEEE-CS joint conference on Digital libraries},

 series = {JCDL '05},

 year = {2005},

 isbn = {1-58113-876-8},

 location = {Denver, CO, USA},

 pages = {418--418},

 numpages = {1},

 url = {http://doi.acm.org/10.1145/1065385.1065522},

 doi = {10.1145/1065385.1065522},

 acmid = {1065522},

 publisher = {ACM},

 address = {New York, NY, USA},

 keywords = {bioterrorism response, infectious disease, public health},

}









@article{citeulike:5008761,

    abstract = {{The term Linked Data refers to a set of best practices for publishing and connecting

structured data on the Web. These best practices have been adopted by an increasing

number of data providers over the last three years, leading to the creation of a global data

space containing billions of assertions - the Web of Data. In this article we present the

concept and technical principles of Linked Data, and situate these within the broader context

of related technological developments. We describe progress to date in publishing Linked

Data on the Web, review applications that have been developed to exploit the Web of Data,

and map out a research agenda for the Linked Data community as it moves forward.}},

    author = {Bizer, Christian and Heath, Tom and Berners-Lee, Tim},

    citeulike-article-id = {5008761},

    citeulike-linkout-0 = {http://dx.doi.org/10.4018/jswis.2009081901},

    doi = {10.4018/jswis.2009081901},

    editor = {Heath, T. and Hepp, M. and Bizer, C.},

    issn = {1552-6283},

    journal = {International Journal on Semantic Web and Information Systems (IJSWIS)},

    keywords = {linkeddata},

    month = {MarMar},

    number = {3},

    pages = {1--22},

    posted-at = {2009-06-29 10:04:49},

    priority = {4},

    title = {{Linked Data - The Story So Far}},

    url = {http://dx.doi.org/10.4018/jswis.2009081901},

    volume = {5},

    year = {2009}

}



@article{AutomaticExtractionOWLontologiesFromUMLclassDiagramsSemanticsPreservingApproach,

year={2012},

issn={1386-145X},

journal={World Wide Web},

volume={15},

number={5-6},

doi={10.1007/s11280-011-0147-z},

title={Automatic extraction of OWL ontologies from UML class diagrams: a semantics-preserving approach},

url={http://dx.doi.org/10.1007/s11280-011-0147-z},

publisher={Springer US},

keywords={Web ontology development; schema translation; semantics preservation; UML class diagram; OWL DL ontology; Semantic Web},

author={Xu, Zhuoming and Ni, Yuyan and He, Wenjie and Lin, Lili and Yan, Qin},

pages={517-545},

language={English}

}



@article{wvangeit:Bjaalie:JNeurosci:2007,

    author = {Bjaalie, Jan G. and Grillner, Sten},

    citeulike-article-id = {1721782},

    doi = {10.1523/JNEUROSCI.0558-07.2007},

    journal = {J Neurosci},

    keywords = {agenciesdatabases, biologyinternational, cooperation, factualneuroscienceshumanscomputational, international, neurofitter},

    month = apr,

    number = {14},

    organization = {International Neuroinformatics Coordinating Facility, Karolinska Institutet, SE-171 77 Stockholm, Sweden. jan.bjaalie\@incf.se},

    pages = {3613--5},

    posted-at = {2007-10-03 02:05:05},

    priority = {2},

    title = {{Global neuroinformatics: the International Neuroinformatics Coordinating Facility.}},

    volume = {27},

    year = {2007}

}



@article{benefits-of-data-sharing,

year={2012},

issn={1539-2791},

journal={Neuroinformatics},

volume={10},

number={3},

doi={10.1007/s12021-012-9154-1},

title={The Benefits of Preparing Data for Sharing Even When You Don't},

url={http://dx.doi.org/10.1007/s12021-012-9154-1},

publisher={Springer-Verlag},

author={Kennedy, DavidN.},

pages={223-224},

language={English}

}



@online{dataspace,

year={2013},

title={INCF Dataspace},

author={INC Working Group},

url={http://www.incf.org/resources/data-space}

}

